@MANUAL{manual,
  author = {ARM},
  year = 2013,
  title = {ArmÂ® Architecture Reference Manual Armv8, for Armv8-A architecture profile Documentation},
  howpublished = {https://developer.arm.com/docs/ddi0487/latest}
}

@MISC{pressreal,
  author = {ARM},
  year = 2011,
  title = {ARM discloses technical details of the next version of the ARM architecture},
  howpublished = {http://www.arm.com/about/newsroom/arm-discloses-technical-details-of-the-next-version-of-the-arm-architecture.php},
  note = {Acesso: 09 Junho 2019}
}

