% This file was created with JabRef 2.7b.
% Encoding: ISO8859_1

@ELECTRONIC{aveiro2010,
  author = {Universidade de Aveiro},
  year = {2010},
  title = {Servi\c{c}os de Biblioteca, Informa\c{c}\~{a}o Documental e Museologia
	2010. Biblioteca da UA},
  howpublished = {http://www.ua.pt/sbidm/biblioteca/PageImage.aspx?id=8247},
  note = {Acesso: 15 Junho 2010},
  owner = {norton},
  timestamp = {2013.02.11}
}

@ARTICLE{Back1997,
  author = {Thomas B\"{a}ck and Ulrich Hammel and Hans-Paul Schwefel},
  title = {Evolutionary Computation: Comments on the History and Current State},
  journal = {IEEE Transactions on Evolutionary Computation},
  year = {1997},
  volume = {1},
  pages = {3--17},
  number = {1},
  owner = {norton},
  timestamp = {2013.02.10}
}

@INCOLLECTION{Bourdieu1977,
  author = {Pierre Bourdieu},
  title = {The Forms of Capital},
  booktitle = {Handbook of Theory and Research for the Sociology of Education},
  publisher = {Greenwood Press},
  year = {1977},
  editor = {John G. Richardson},
  pages = {311--356},
  address = {New York, NY},
  owner = {norton},
  timestamp = {2013.02.11}
}

@BOOK{Cichocki1993,
  title = {Neural Networks for Optimization and Signal Processing},
  publisher = {John Wiley \& Sons Ltd. and B. G. Teubner},
  year = {1993},
  author = {Andrzej Cichocki and Rolf Unbehauen},
  address = {Stuttgart},
  owner = {norton},
  timestamp = {2013.02.10}
}

@BOOK{lamport1994,
  title = {LATEX: A Document Preparation System. User's Guide and Reference
	manual},
  publisher = {Addison-Wesley},
  year = {1994},
  author = {Leslie Lamport},
  pages = {272},
  edition = {2},
  note = {isbn 0-201-52983-1},
  owner = {norton},
  timestamp = {2010.07.14}
}

@BOOK{Mittelbach2004,
  title = {The LATEX Companion},
  publisher = {Addison-Wesley},
  year = {2004},
  author = {Frank Mittelbach and Michel Goossens and Johannes Braams and David
	Carlisle and Chris Rowley},
  pages = {1090},
  series = {Tools and Techniques for Computer Typesetting},
  edition = {2},
  note = {isbn 0-201-36299-6},
  owner = {norton},
  timestamp = {2010.07.14}
}

@INPROCEEDINGS{Romero1996,
  author = {Roseli Aparecida Francelin Romero},
  title = {Otimiza\c{c}\~{a}o de Sistemas atrav\'{e}s de Redes Neurais Multi-camadas},
  booktitle = {XI Congresso Brasileiro de Autom\'{a}tica},
  year = {1996},
  volume = {3},
  pages = {1585--1590},
  address = {S\~{a}o Paulo, Brasil},
  owner = {norton},
  timestamp = {2013.02.11}
}

@PHDTHESIS{Romero1993,
  author = {Roseli Aparecida Francelin Romero},
  title = {Otimiza\c{c}\~{a}o de Sistemas atrav\'{e}s de Redes Neurais Artificiais},
  school = {FEEC/UNICAMP},
  year = {1993},
  owner = {norton},
  timestamp = {2013.02.11}
}

@comment{jabref-meta: selector_publisher:}

@comment{jabref-meta: selector_author:}

@comment{jabref-meta: selector_journal:}

@comment{jabref-meta: selector_keywords:}

